\begin{thebibliography}{9}

\bibitem{[facchini_2019]}
https://web.northeastern.edu/martsinkovsky/p/Parnu2019/slides-facchini.pdf

\bibitem{[leit4]}
https://www.math.uni-bielefeld.de/~sek/kau/leit4.pdf

\bibitem{[4681]}
Jan Geuenich.
https://hss.ulb.uni-bonn.de/2017/4681/4681.pdf

\bibitem{[BMZ20]}
Mohamed Barakat, Julia Mickisch and Fabian Zickgraf, \texttt{FinSetsForCAP}, \href{https://github.com/mohamed-barakat/FinSetsForCAP/}{https://github.com/mohamed-barakat/FinSetsForCAP/} (Retrieved: 1 April 2020)
\end{thebibliography}