@book{Kategorientheorie,
  title={Einführung in die Kategorientheorie},
  author={Brandenburg, Martin},
  address={Berlin, Heidelberg},
  publisher={Springer Spektrum},
  year={2017},
  isbn={978-3-662-53521-9},
  isbn={9783662535202},
  edition={2. Auflage},
}

@misc{CAPManual,
  author = {Gutsche, Sebastian and Posur, Sebastian},
  title = {Cap Manual},
  howpublished = {\url{https://github.com/homalg-project/CAP_project/raw/master/CAPManual.pdf} (Retrieved: 27 March 2018)}
}

@book{Julia,
  title={Die Realisierung elementarer Topoi auf dem Computer},
  author = {Mickisch, Julia},
  publisher={Universität Siegen},
  year={2018},
}

@manual{GAP4,
    key          = "GAP",
    organization = "The GAP~Group",
    title        = "{\textsf{GAP} -- Groups, Algorithms, and Programming, Version 4.8.10}",
    year         = 2018,
	howpublished = {\url{http://www.gap-system.org}},
}

@misc{CAP,
	author = {Gutsche, Sebastian and Skartsæterhagen, Øystein and Posur, Sebastian},
	title = {The \textsc{Cap} project -- {C}ategories, {A}lgorithms, {P}rogramming},
	year = {2013--2018},
	howpublished = {\url{https://homalg-project.github.io/CAP_project}},
}

@misc{Tannaka_duality_in_nLab,
  title = {Tannaka duality in $n$Lab},
  key = {Tan},
  howpublished = {\url{https://ncatlab.org/nlab/show/Tannaka+duality} (Retrieved: 27 March 2018)},
  urldate     = {2012-04-07},
}

@misc{end_in_nLab,
  title = {end in $n$Lab},
  key = {end},
  howpublished = {\url{https://ncatlab.org/nlab/show/end} (Retrieved: 27 March 2018)}
}

@misc{SkeletalGSetsForCAP,
	author = {Mickisch, Julia and Zickgraf, Fabian},
	title = {\texttt{SkeletalGSetsForCAP}},
	year = {2017--2018},
	howpublished = {\url{https://github.com/zickgraf/SkeletalGSetsForCAP/} (Retrieved: 27 March 2018)},
}

@misc{FinSetsForCAP,
	author = {Barakat, Mohamed and Mickisch, Julia},
	title = {\texttt{FinSetsForCAP}},
	year = {2017--2018},
	howpublished = {\url{https://github.com/mohamed-barakat/FinSetsForCAP/} (Retrieved: 27 March 2018)},
}

